% This file was created with JabRef 2.6.
% Encoding: MacRoman

@ARTICLE{BOSWORTH,
  author = {M.R. Bosworth and R.T. Deam},
  title = {Influence of GMAW droplet size on fume formation rate},
  journal = {Journal of Physics D: Applied Physics},
  year = {2000},
  volume = {33},
  pages = {2605-2610},
  owner = {CREADOR},
  timestamp = {2010.12.12}
}

@ARTICLE{ALLEMAND,
  author = {C. D. Allemand, R. Schoeder, D. E. Ries and T. W. Eagar},
  title = {A Method of Filming Metal Transfer in Welding Arcs},
  journal = {Welding Journal},
  year = {1985},
  pages = {45-47},
  owner = {CREADOR},
  timestamp = {2010.12.12}
}

@ARTICLE{WU1,
  author = {C. S. Wu, J. Q. Gao and M. Zhang},
  title = {Sensing welding pool geometrical appearance in gas metal arc welding},
  journal = {Proceedings of the Institution of Mechanical Engineers},
  year = {2004},
  volume = {218},
  owner = {CREADOR},
  timestamp = {2010.12.12}
}

@ARTICLE{WU,
  author = {C.S. Wu, M. A. Chen and S. K. Li},
  title = {Analysis of exited droplet oscillation and detachment in active control
	of metal transfer},
  journal = {Computer Material Science},
  year = {2004},
  volume = {31},
  pages = {147-154},
  owner = {CREADOR},
  timestamp = {2010.12.12}
}

@PHDTHESIS{CHAPUIS2,
  author = {J. Chapuis},
  title = {Optimisation des proc\'ed\'es de soudage \`a l'arc},
  school = {Universit\'e Montpellier 2},
  year = {2011}
}

@ARTICLE{CHO2,
  author = {M. H. Cho and D. F. Farson},
  title = {Understanding Bead Hump Formation in Gas Metal Arc Welding Using
	a Numerical Simulation},
  journal = {Metallurgical and Materials Transactions B},
  year = {2007},
  volume = {38B},
  pages = {305-319},
  owner = {CREADOR},
  timestamp = {2010.12.12}
}

@BOOK{COCQUEREZ,
  title = {Analyse d'images: filtrage et segmentation},
  publisher = {MASSON},
  year = {1995},
  author = {J. P. Cocquerez and S. PHILIPP},
  owner = {CREADOR},
  timestamp = {2011.02.02}
}

@ARTICLE{HARWING,
  author = {D. D. Harwing, J. E. Dierksheide, D. Yapp and S. Blackman},
  title = {Arc Behavior and Melting Rate in VP-GMAW process},
  journal = {Welding Journal},
  year = {2006},
  pages = {52-62},
  owner = {CREADOR},
  timestamp = {2010.12.12}
}

@ARTICLE{DOUMANIDIS,
  author = {C. C. Doumanidis and D. E. Hardt},
  title = {A Model for In-Process Control of Thermal Properties During Welding},
  journal = {Journal of Dynamic Systems, Measurements and Control},
  year = {1989},
  volume = {111},
  pages = {40-50},
  owner = {CREADOR},
  timestamp = {2011.02.04}
}

@ARTICLE{ROMERO,
  author = {E. Romero, C. Bordreuil, J. Chapuis, F. Souliez and G. Fras},
  title = {Edge detection of weld pool, macro drop and metal transfer drop in
	a GTAW and GMAW process, by a new weld image processing library:
	erCv},
  journal = {63rd Annual Assembly \& International Conference of the International
	Institute of Welding},
  year = {2010},
  owner = {CREADOR},
  timestamp = {2010.12.12}
}

@ARTICLE{SABER,
  author = {E. Saber, A. M. Tekalp, R. Eschbach and K. Knox},
  title = {Automatic Image Annotation Using Adaptive Color Classification},
  journal = {Graphical Models and Image Processing},
  year = {1996},
  volume = {58},
  pages = {115-126},
  owner = {CREADOR},
  timestamp = {2010.12.12}
}

@ARTICLE{LU,
  author = {F. LU, S. YAO, S. LU, Y. LI},
  title = {Modeling and finite elements analysis on GTAW arc and weld pool},
  journal = {Computational Materials Science},
  year = {2004},
  volume = {29},
  pages = {371-378},
  owner = {CREADOR},
  timestamp = {2010.12.10}
}

@ARTICLE{WANG2,
  author = {F. Wang, W. K. Hou, S. J. Hu, E. Kannatey-Asibu, W. W Schultz and
	P. C. Wang},
  title = {Modelling and Analysis of metal transfer in metal gas arc welding},
  journal = {Journal of Physics D: Applied Physics},
  year = {2003},
  volume = {36},
  pages = {1143-1152},
  owner = {CREADOR},
  timestamp = {2010.12.12}
}

@ARTICLE{ZHANG4,
  author = {G. Zhang, Z. Yan and L. Wu},
  title = {Recosntructing a Three-dimensional P-GMAW weld pool shape from a
	two-dimensional visual image},
  journal = {Measurement Science and Technology},
  year = {2006},
  volume = {17},
  pages = {1877-1882},
  owner = {CREADOR},
  timestamp = {2010.12.12}
}

@ARTICLE{ZHANG2,
  author = {G.J. Zhang, Z.h Yan, L. Wu},
  title = {Visual Sensing of Weld pool in variable polarity TIG welding of aluminium
	alloy},
  journal = {Transactions on Nonferrus Metals Society of China},
  year = {16},
  volume = {2006},
  pages = {522-526},
  owner = {CREADOR},
  timestamp = {2010.12.10}
}

@ARTICLE{GAUBATZ,
  author = {M Gaubatz and R. Ulichney},
  title = {Automatic red-eye detection and correction},
  journal = {IEEE ICIP},
  year = {2002},
  pages = {804-807},
  owner = {CREADOR},
  timestamp = {2010.12.12}
}

@ARTICLE{CHAPUIS,
  author = {J. Chapuis, E. Romero, F. Soulie, C. Bordreuil and G. Fras},
  title = {Dynamic Behaivor of the weld pool in stationary GMAW},
  journal = {63rd Annual Assembly \& International Conference of International
	Institute of Welding},
  year = {2010},
  owner = {CREADOR},
  timestamp = {2010.12.12}
}

@ARTICLE{HU,
  author = {J. Hu, H.L. Tsai},
  title = {Heat and mass trasfer in gas metal arc welding. Part II: The Metal},
  journal = {International Journal of Heat and Mass Transfer},
  year = {2007},
  volume = {50},
  pages = {808-820},
  owner = {CREADOR},
  timestamp = {2010.12.12}
}

@ARTICLE{BAE,
  author = {K. Y. Bae, T. H. Li and K. C. Ahn},
  title = {An optical sensing system for seam tracking and weld pool control
	in gas metal arc welding of steel pipe},
  journal = {Journal of Material Processing Technology},
  year = {2002},
  volume = {120},
  pages = {458-465},
  owner = {CREADOR},
  timestamp = {2010.12.12}
}

@ARTICLE{LOWKE,
  author = {J. J. Lowke},
  title = {Predictions of electrode properties in Gas Tungsten Arc Welding (GTAW)
	and Gas Metal Arc Welding (GMAW)},
  journal = {Trans. JWRI},
  year = {1996},
  volume = {25},
  owner = {CREADOR},
  timestamp = {2010.12.12}
}

@BOOK{BERG,
  title = {Computational Geometry: Algorithms and Applications},
  publisher = {Springer-Verlag},
  year = {2008},
  author = {M de Berg, O. Cheong, M. van Kreveld and M. Overmars},
  owner = {CREADOR},
  timestamp = {2011.02.03}
}

@ARTICLE{CHO,
  author = {M. H. Cho, Y. C. Lim and D. F. Farson},
  title = {Simulation of Weld Pool Dynamics in Stationary Pulsed Gas Metal Arc
	Welding Process and Final Weld Shape},
  journal = {Welding Journal},
  year = {2006},
  pages = {271-283},
  owner = {CREADOR},
  timestamp = {2010.12.12}
}

@TECHREPORT{MATERKA,
  author = {Andrzej Materka and Michal Strzelecki},
  title = {Texture Analysis Methods},
  institution = {Technical University of Lodz},
  year = {1998},
  owner = {CREADOR},
  timestamp = {2011.02.14}
}

@ARTICLE{CARLSON,
  author = {N. M. Carlson, J. A. Johnson},
  title = {Ultrasonic sensing of weld pool penetration},
  journal = {Welding Journal},
  year = {1988},
  volume = {67},
  pages = {239-246},
  owner = {CREADOR},
  timestamp = {2011.02.04}
}

@ARTICLE{OLSON,
  author = {Clark F. Olson},
  title = {Constrained Hough Transforms for Curve Detection},
  journal = {Computer Vision and Image Understanding},
  year = {1998},
  volume = {73},
  pages = {329-345},
  owner = {CREADOR},
  timestamp = {2011.03.10}
}

@ARTICLE{BALSAMO,
  author = {P. S. S. Balsamo, L. O. Vilarinho, M. Vilela, A. Scotti},
  title = {Development of experimental technique for studying metal transfer
	in welding: sychronized shadowgraphy},
  journal = {Institute of Journal for the Joining of Materials},
  year = {2000},
  volume = {12},
  owner = {CREADOR},
  timestamp = {2010.12.12}
}

@ARTICLE{LIN,
  author = {Q. Lin, X Li and S. W. Simpson},
  title = {Metal Transfer measurements in gas metal arc welding},
  journal = {Journal of Physics D: Applied Physics},
  year = {2001},
  volume = {34},
  pages = {347-353},
  owner = {CREADOR},
  timestamp = {2010.12.12}
}

@ARTICLE{KOVACEVIC,
  author = {R. Kovacevic, Y. M. Zhang, S. Ruan},
  title = {Sensing and Control of Weld Pool Geometry for Automated GTA Welding},
  journal = {Journal of Engineering for Industry},
  year = {1995},
  volume = {117},
  pages = {210-222},
  owner = {CREADOR},
  timestamp = {2011.02.04}
}

@ARTICLE{RENWICK,
  author = {R. J. Renwick and R. W. Richardson},
  title = {Experimental Investigation of GTA Weld Pool Oscillations},
  journal = {Welding Journal},
  year = {1983},
  volume = {62},
  pages = {29-35},
  owner = {CREADOR},
  timestamp = {2011.02.04}
}

@ARTICLE{ROKHLIN,
  author = {S. I. Rokhlin and A. C. Guu},
  title = {Computarized radiographic sensing and control of an arc welding process},
  journal = {Welding Journal},
  year = {1990},
  volume = {69},
  pages = {83-97},
  owner = {CREADOR},
  timestamp = {2011.02.04}
}

@ARTICLE{CHEN,
  author = {S. B. Chen, Y. J. Lou, L. Wu and B. Zhao},
  title = {Intelligent Methodology for Sensing Modeling and Control of Pulsed
	GTAW: Part I - Bed-on-Plate Welding},
  journal = {Welding Journal},
  year = {2000},
  pages = {151-163},
  owner = {CREADOR},
  timestamp = {2010.12.12}
}

@ARTICLE{NORDBRUCH,
  author = {S. Nordbruch, P. Tschirner, A. Graser},
  title = {Visual Online Monitoring of PGMAW without a lighting unit},
  owner = {CREADOR},
  timestamp = {2010.12.10}
}

@ARTICLE{JUANG,
  author = {S.C. Juang, Y.S. Tarng},
  title = {Process parameter selection for optimizing the weld pool geometry
	in the tungsten inert gas welding of stainless steel},
  journal = {Journal of Materials Processing Technology},
  year = {2002},
  volume = {122},
  pages = {33-37},
  owner = {CREADOR},
  timestamp = {2010.12.08}
}

@ARTICLE{SAEED,
  author = {G. Saeed and Y. M. Zhang},
  title = {Mathematical formulation and simulation of specular reflection based
	measurement system for gas tungsten arc weld pool surface},
  journal = {Measurement Science and Technology},
  year = {2003},
  volume = {14},
  pages = {1671-1682},
  owner = {CREADOR},
  timestamp = {2011.02.02}
}

@ARTICLE{White,
  author = {S. Subramaniam and D.R. White},
  title = {Effect of shield gas composition on surface tension of steel droplets
	in Gas-Meta-Arc Welding arcs},
  journal = {Metallurgical and materials transactions B},
  year = {2001},
  volume = {32B},
  pages = {313-318},
  month = {April},
  owner = {Julien},
  timestamp = {2010.09.01}
}

@ARTICLE{WANG3,
  author = {Y. Wang and H.L. Tsai},
  title = {Impignement of filler droplet and weld pool dynamics during gas metal
	arc welding process},
  journal = {International Journal of Heat and Mass Transfer},
  year = {2001},
  volume = {44},
  pages = {2067-2080},
  owner = {CREADOR},
  timestamp = {2010.12.12}
}

@ARTICLE{WANG,
  author = {Z. Z. Wang and Y. M. Zhang},
  title = {Image processing algorithm for automated monitioring of metal transfer
	in double-electrode GMAW},
  journal = {Measurements Science and Technology},
  year = {2007},
  volume = {18},
  pages = {2048-2058},
  owner = {CREADOR},
  timestamp = {2010.12.12}
}

@TECHREPORT{WU2,
  author = {C. S. Wu},
  title = {Weld Pool surface monitoring},
  institution = {Institute for Materials Joining, Shandong University, China},
  owner = {CREADOR},
  timestamp = {2011.03.10}
}

@ARTICLE{ZHANG3,
  author = {Y. M. Zhang, E. Liguo and R. Kovacevic},
  title = {Active Metal transfer Control by Monitoring Droplet Oscillation},
  journal = {Welding Research Supplement},
  year = {1998},
  pages = {388-395},
  owner = {CREADOR},
  timestamp = {2010.12.12}
}

@ARTICLE{ZHANG5,
  author = {Y. M. Zhang, H. S. Song and G. Saeed},
  title = {Observation of a dynamic specular weld pool surface},
  journal = {Measurements Science and Technology},
  year = {2006},
  volume = {17},
  pages = {33-37},
  owner = {CREADOR},
  timestamp = {2011.02.04}
}

@ARTICLE{ZHANG,
  author = {Y. M. Zhang, R. KOVACEVIC and L. Li},
  title = {Characterisation and real time measurement of geometrical appearance
	of the weld pool},
  journal = {Int. J. Mach. Tool Manufact.},
  year = {1996},
  volume = {36},
  pages = {799-816},
  owner = {CREADOR},
  timestamp = {2010.12.10}
}

@ARTICLE{BINGUL,
  author = {Z. Bingul, G. E. Cook, P. Koseeyaporn, A. M. Strauss},
  title = {Study of Droplet Trasfert Mechanism in GMAW},
  journal = {6th International Trends in Welding Research Conference Procedings},
  year = {2003},
  owner = {CREADOR},
  timestamp = {2010.12.12}
}

@ARTICLE{ZHANG1,
  author = {Z. Zhang, L. Liu, H. Sun},
  title = {AC TIG welding with single-component oxide activating flux for AZ31B
	magnesium alloys},
  journal = {J Mater Science},
  year = {2008},
  volume = {34},
  pages = {1382-1388},
  owner = {CREADOR},
  timestamp = {2010.12.10}
}

@BOOKLET{CGAL,
  title = {http://www.cgal.org/},
  owner = {CREADOR},
  timestamp = {2011.02.03}
}

@MANUAL{OPENCV,
  title = {OpenCV reference manual},
  owner = {CREADOR},
  timestamp = {2011.02.03}
}

@BOOK{BOOSTGRAPH,
  title = {The Boost Graph Library},
  publisher = {Addison Wesley},
  year = {2001},
  altauthor = {Siek.J and Lee.L-Q and Lumsdaine.J },
  alteditor = {Stroustrup.B}
}

@comment{jabref-meta: selector_publisher:}

@comment{jabref-meta: selector_author:}

@comment{jabref-meta: selector_journal:}

@comment{jabref-meta: selector_keywords:}

